@article{zhao2012computational,
  title={Computational intelligence in urban traffic signal control: A survey},
  author={Zhao, Dongbin and Dai, Yujie and Zhang, Zhen},
  journal={IEEE Transactions on Systems, Man, and Cybernetics, Part C (Applications and Reviews)},
  volume={42},
  number={4},
  pages={485--494},
  year={2012},
  publisher={IEEE}
}
@techreport{webster1958traffic,
  title={Traffic signal settings},
  author={Webster, Fo Vo},
  year={1958}
}
@inproceedings{sims1981scat,
  title={Scat the sydney co-ordinated adaptive traffic system},
  author={Sims, AG and others},
  booktitle={Symposium on Computer Control of Transport 1981: Preprints of Papers},
  pages={22},
  year={1981},
  organization={Institution of Engineers, Australia}
}
@techreport{hunt1981scoot,
  title={SCOOT-a traffic responsive method of coordinating signals},
  author={Hunt, PB and Robertson, DI and Bretherton, RD and Winton, RI},
  year={1981}
}
@article{feng2015real,
  title={A real-time adaptive signal control in a connected vehicle environment},
  author={Feng, Yiheng and Head, K Larry and Khoshmagham, Shayan and Zamanipour, Mehdi},
  journal={Transportation Research Part C: Emerging Technologies},
  volume={55},
  pages={460--473},
  year={2015},
  publisher={Elsevier}
}
@article{hammerstein1994game,
  title={Game theory and evolutionary biology},
  author={Hammerstein, Peter and Selten, Reinhard},
  journal={Handbook of game theory with economic applications},
  volume={2},
  pages={929--993},
  year={1994},
  publisher={Elsevier}
}
@article{bui2018cooperative,
  title={Cooperative game-theoretic approach to traffic flow optimization for multiple intersections},
  author={Bui, Khac-Hoai Nam and Jung, Jason J},
  journal={Computers \& Electrical Engineering},
  volume={71},
  pages={1012--1024},
  year={2018},
  publisher={Elsevier}
}
@inproceedings{zohdy2012game,
  title={Game theory algorithm for intersection-based cooperative adaptive cruise control (CACC) systems},
  author={Zohdy, Ismail H and Rakha, Hesham},
  booktitle={2012 15th International IEEE Conference on Intelligent Transportation Systems},
  pages={1097--1102},
  year={2012},
  organization={IEEE}
}
@inproceedings{elhenawy2015intersection,
  title={An intersection game-theory-based traffic control algorithm in a connected vehicle environment},
  author={Elhenawy, Mohammed and Elbery, Ahmed A and Hassan, Abdallah A and Rakha, Hesham A},
  booktitle={2015 IEEE 18th International Conference on Intelligent Transportation Systems},
  pages={343--347},
  year={2015},
  organization={IEEE}
}
@article{jun2003study,
  title={Study on game-theory-based integration model for traffic control and route guidance},
  author={Jun, L},
  journal={Tian Jin University},
  year={2003}
}
@inproceedings{abdelghaffar2016isolated,
  title={Isolated traffic signal control using a game theoretic framework},
  author={Abdelghaffar, Hossam M and Yang, Hao and Rakha, Hesham A},
  booktitle={2016 IEEE 19th International Conference on Intelligent Transportation Systems (ITSC)},
  pages={1496--1501},
  year={2016},
  organization={IEEE}
}
@article{SUMO2012,
          volume = {5},
          number = {3\&4 },
           month = {December},
          author = {Daniel Krajzewicz and Jakob Erdmann and Michael Behrisch and Laura Bieker},
          series = {International Journal On Advances in Systems and Measurements},
           title = {Recent Development and Applications of {SUMO - Simulation of Urban MObility}},
            year = {2012},
         journal = {International Journal On Advances in Systems and Measurements},
           pages = {128--138},
        keywords = {microscopic traffic simulation, traffic management, open source},
             url = {http://elib.dlr.de/80483/},
        abstract = {SUMO is an open source traffic simulation package including the simulation
                    application itself as well as supporting tools, mainly for network import
                    and demand modeling. SUMO helps to investigate a large variety of research topics,
                    mainly in the context of traffic management and vehicular communications.
                    We describe the current state of the package, its major applications,
                    both by research topic and by example, as well as future developments and extensions.}
}
@inproceedings{bazan1995game,
  title={A Game-Theoretic Approach to Distributed Control of Traffic Signals.},
  author={Bazan, Ana LC},
  booktitle={ICMAS},
  pages={439},
  year={1995}
}
@inproceedings{zhen2003differential,
  title={A differential game modeling approach to dynamic traffic assignment and traffic signal control},
  author={Zhen-long, Li},
  booktitle={SMC'03 Conference Proceedings. 2003 IEEE International Conference on Systems, Man and Cybernetics. Conference Theme-System Security and Assurance (Cat. No. 03CH37483)},
  volume={1},
  pages={849--855},
  year={2003},
  organization={IEEE}
}
@article{villalobos2008urban,
  title={Urban traffic control problem: a game theory approach},
  author={Villalobos, Israel Alvarez and Poznyak, Alexander S and Tamayo, Alejandro Malo},
  journal={IFAC Proceedings Volumes},
  volume={41},
  number={2},
  pages={7154--7159},
  year={2008},
  publisher={Elsevier}
}
@inproceedings{linglong2010study,
  title={A study of single intersection traffic signal control based on two-player cooperation game model},
  author={Linglong, Tan and Xiaohua, Zhao and Dunli, Hu and Yanzhang, Shang and Ren, Wan},
  booktitle={2010 WASE International Conference on Information Engineering},
  volume={2},
  pages={322--327},
  year={2010},
  organization={IEEE}
}
@inproceedings{xinhai2009traffic,
  title={Traffic signal control agent interaction model based on game theory and reinforcement learning},
  author={Xinhai, Xia and Lunhui, Xu},
  booktitle={2009 International Forum on Computer Science-Technology and Applications},
  volume={1},
  pages={164--168},
  year={2009},
  organization={IEEE}
}
@inproceedings{dong2011multi,
  title={A multi intersections signal coordinate control method based on game theory},
  author={Dong, Hao and Dai, Zhongjian},
  booktitle={2011 International Conference on Electronics, Communications and Control (ICECC)},
  pages={1232--1235},
  year={2011},
  organization={IEEE}
}
@inproceedings{dai2013multi,
  title={A multi-intersection coordinated control algorithm based on game theory and maximal flow},
  author={Dai, Zhongjian and Dong, Hao and Wang, Qinglin},
  booktitle={IECON 2013-39th Annual Conference of the IEEE Industrial Electronics Society},
  pages={3258--3263},
  year={2013},
  organization={IEEE}
}
@book{osborne1994course,
  title={A course in game theory},
  author={Osborne, Martin J and Rubinstein, Ariel},
  year={1994},
  publisher={MIT press}
}